@book{manning2008introduction,
    title={Introduction to information retrieval},
    author={Manning, Christopher D and Sch{\"u}tze, Hinrich and Raghavan, Prabhakar},
    year={2008},
    publisher={Cambridge university press}
}

@article{ni2017learning,
    title={Learning to explain non-standard english words and phrases},
    author={Ni, Ke and Wang, William Yang},
    journal={arXiv preprint arXiv:1709.09254},
    year={2017}
}

@article{noraset2016definition,
    title={Definition modeling: Learning to define word embeddings in natural language},
    author={Noraset, Thanapon and Liang, Chen and Birnbaum, Larry and Downey, Doug},
    journal={arXiv preprint arXiv:1612.00394},
    year={2016}
}

@inproceedings{del2007automatic,
    title={Automatic extraction of definitions in portuguese: A rule-based approach},
    author={Del Gaudio, Rosa and Branco, Ant{\'o}nio},
    booktitle={Portuguese Conference on Artificial Intelligence},
    pages={659--670},
    year={2007},
    organization={Springer}
}

@book{sarawagi2008information,
    title={Information extraction},
    author={Sarawagi, Sunita},
    year={2008},
    publisher={Now Publishers Inc}
}

@phdthesis{ventura2014automatic,
    title={Automatic extraction of concepts from texts and applications},
    author={Ventura, Jo{\~a}o Miguel Jones},
    year={2014}
}


@phdthesis{gaspar2015if2lgp,
    title={IF2LGP-Int{\'e}rprete autom{\'a}tico de fala em l{\'\i}ngua portuguesa para l{\'\i}ngua gestual portuguesa},
    author={Gaspar, Lu{\'\i}s Rom{\~a}o},
    year={2015}
}

@inproceedings{bento2014avatares,
    title={Avatares em l{\'\i}ngua gestual portuguesa},
    author={Bento, J and Cl{\'a}udio, AP and Urbano, P},
    booktitle={Proc. 9th Iberian Conference on Information Systems and Technologies},
    pages={185--191},
    year={2014}
}

@mastersthesis{martins2011letra,
    title={A letra e o gesto: estruturas lingu{\'\i}sticas em L{\'\i}ngua Gestual Portuguesa e L{\'\i}ngua Portuguesa},
    author={Martins, T{\^a}nia Margarida Marques de Mendon{\c{c}}a and others},
    year={2011}
}

@book{novak_2012,
    title={Learning, creating, and using knowledge: Concept maps as facilitative tools in schools and corporations},
    author={Novak, Joseph D},
    year={2010},
    publisher={Routledge}
}

@article{who_2018,
	author={World Health Organization},
	month = {3},
	year = {2018},
	title = {Deafness},
	URL = {https://www.who.int/news-room/facts-in-pictures/detail/deafness},
	note = {Accessed: 2020-02-01}}

@article{koen_2001,
	author = {Peter Koen and Greg Ajamian and Robert Burkart and Allen Clamen and Jeffrey Davidson and Robb D'Amore and Claudia Elkins and Kathy Herald and Michael Incorvia and Albert Johnson and Robin Karol and Rebecca Seibert and Aleksandar Slavejkov and Klaus Wagner},
	title = {Providing Clarity and A Common Language to the “Fuzzy Front End”},
	journal = {Research-Technology Management},
	volume = {44},
	number = {2},
	pages = {46-55},
	year  = {2001},
	publisher = {Routledge},
	doi = {10.1080/08956308.2001.11671418},
	URL = {https://doi.org/10.1080/08956308.2001.11671418}}

@article{saaty_1987,
	title = "The analytic hierarchy process—what it is and how it is used",
	journal = "Mathematical Modelling",
	volume = "9",
	number = "3",
	pages = "161 - 176",
	year = "1987",
	issn = "0270-0255",
	doi = "https://doi.org/10.1016/0270-0255(87)90473-8",
	url = "http://www.sciencedirect.com/science/article/pii/0270025587904738",
	author = "R.W. Saaty",
	abstract = "Here we introduce the Analytic Hierarchy Process as a method of measurement with ratio scales and illustrate it with two examples. We then give the axioms and some of the central theoretical underpinnings of the theory. Finally, we discuss some of the ideas relating to this process and its ramifications. In this paper we give special emphasis to departure from consistency and its measurement and to the use of absolute and relative measurement, providing examples and justification for rank preservation and reversal in relative measurement."}

@article{gupta2009survey,
    title={A survey of text mining techniques and applications},
    author={Gupta, Vishal and Lehal, Gurpreet S and others},
    journal={Journal of emerging technologies in web intelligence},
    volume={1},
    number={1},
    pages={60--76},
    year={2009}
}

@misc{young2006method,
    title={Method and apparatus for scraping information from a website},
    author={Young, Jill and Sinha, Pradeep and Lundberg, Steven and Kalis, Janal},
    year={2006},
    month={5},
    publisher={Google Patents},
    note={US Patent App. 10/977,539}
}

@misc{rose2017automatically,
    title={Automatically scraping and adding contact information},
    author={Rose, Robert Brett},
    year={2017},
    month={5},
    publisher={Google Patents},
    note={US Patent 9,665,574}
}

@book{baeza1999modern,
    title={Modern information retrieval},
    author={Baeza-Yates, Ricardo and Ribeiro-Neto, Berthier and others},
    volume={463},
    year={1999},
    publisher={ACM press New York}
}

@inproceedings{ghorbani2019towards,
    title={Towards automatic concept-based explanations},
    author={Ghorbani, Amirata and Wexler, James and Zou, James Y and Kim, Been},
    booktitle={Advances in Neural Information Processing Systems},
    pages={9277--9286},
    year={2019}
}

@article{musselman2000children,
    title={How do children who can't hear learn to read an alphabetic script? A review of the literature on reading and deafness},
    author={Musselman, Carol},
    journal={Journal of Deaf Studies and deaf education},
    volume={5},
    number={1},
    pages={9--31},
    year={2000},
    publisher={Oxford University Press}
}

@article{meyer2003text,
    title={Text coherence and readability},
    author={Meyer, Bonnie JF},
    journal={Topics in Language Disorders},
    volume={23},
    number={3},
    pages={204--224},
    year={2003},
    publisher={LWW}
}

@inproceedings{antunes2019analyzing,
    title={Analyzing the adequacy of readability indicators to a non-English language},
    author={Antunes, H{\'e}lder and Lopes, Carla Teixeira},
    booktitle={International Conference of the Cross-Language Evaluation Forum for European Languages},
    pages={149--155},
    year={2019},
    organization={Springer}
}

@article{escudeiro2015virtual,
    title={Virtual Sign--A Real Time Bidirectional Translator of Portuguese Sign Language},
    author={Escudeiro, Paula and Escudeiro, Nuno and Reis, Rosa and Lopes, Jorge and Norberto, Marcelo and Baltasar, Ana Bela and Barbosa, Maciel and Bidarra, Jos{\'e}},
    journal={Procedia Computer Science},
    volume={67},
    pages={252--262},
    year={2015},
    publisher={Elsevier}
}
